@article{ancuti2018color,
  title={Color Balance and Fusion for Underwater Image Enhancement},
  author={Ancuti, Codruta O and Ancuti, Cosmin and De Vleeschouwer, Christophe and Bekaert, Philippe},
  journal={IEEE Transactions on Image Processing},
  volume={27},
  number={1},
  pages={379--393},
  year={2018},
    keywords={Image color analysis;Scattering;Cameras;Atmospheric modeling;Absorption;Image restoration;Image edge detection;Underwater;image fusion;white-balancing},
  doi={10.1109/TIP.2017.2759252}
}
@article{li2016underwater,
  title={Underwater Image Enhancement by Dehazing With Minimum Information Loss and Histogram Distribution Prior},
  author={Li, Chong-Yi and Guo, Ji-Chang and Cong, Run-Min and Pang, Yan-Wei and Wang, Bo},
  journal={IEEE Transactions on Image Processing}, 
  volume={25},
  number={12},
  pages={5664-5677},
  year={2016},
  keywords={Image color analysis; Image enhancement; Image restoration; Scattering; Channel estimation; Estimation; Histograms; Underwater image enhancement; underwater image dehazing; contrast enhancement; scattering removal},
  doi={10.1109/TIP.2016.2612882}
}
@article{dosovitskiy2020image,
  title={An Image is Worth 16x16 Words: Transformers for Image Recognition at Scale},
  author={Dosovitskiy, Alexey and Beyer, Lucas and Kolesnikov, Alexander and Weissenborn, Dirk and Zhai, Xiaohua and Unterthiner, Thomas and Dehghani, Mostafa and Minderer, Matthias and Heigold, Georg and Gelly, Sylvain and Uszkoreit, Jakob and Houlsby, Neil},
  journal={arXiv preprint arXiv:2010.11929},
  year={2020},
  doi={10.48550/arXiv.2010.11929}
}
@misc{kraken_sonar,
  title = {Seeing with Sound: Why Sonar Resolution Matters for Seabed Mapping},
  author = {{Kraken Robotics}},
  year = {2023},
  note = {\url{https://www.krakenrobotics.com/seeing-with-sound-why-sonar-resolution-matters-for-seabed-mapping/}},
}
@INPROCEEDINGS{rajapan2022acoustic,
  author={Rajapan, Dhilsha and Rajeshwari, P. M and Zacharia, Shijo},
  booktitle={OCEANS 2022 - Chennai}, 
  title={Importance of Underwater Acoustic Imaging Technologies for Oceanographic applications –A brief review}, 
  year={2022},
  volume={},
  number={},
  pages={1-6},
  keywords={Image resolution;Transducers;Imaging;Cameras;Real-time systems;Classification algorithms;Structural beams;SONAR imaging;beam forming;2D imaging;3D imaging;acoustic camera},
  doi={10.1109/OCEANSChennai45887.2022.9775385}}

@article{asp_sonar_resolution,
  title = {High-resolution sonars for improved target recognition},
  author = {SpringerOpen},
  journal = {ASP-EURASIP Journal on Advances in Signal Processing},
  year = {2010},
  note = {\url{https://asp-eurasipjournals.springeropen.com/articles/10.1155/2010/205095}},
}

@article{mdpi_sonar_impact,
  title = {The Impact of Side-Scan Sonar Resolution and Acoustic Shadow Phenomenon on the Quality of Sonar Imagery and Data Interpretation Capabilities},
  author = {Grządziel, Artur},
  journal = {Remote Sensing},
  volume = {15},
  number = {23},
  pages = {5599},
  year = {2023},
  doi = {10.3390/rs15235599},
}

@misc{droneblog_rov_history,
  title = {The History of Underwater Drones},
  author = {{Drone Blog}},
  year = {2023},
  note = {\url{https://www.droneblog.com/the-history-of-underwater-drones/}},
}

@misc{hayesparsons_rovs,
  title = {An Insight into the History of ROVs},
  author = {{Hayes Parsons}},
  year = {2023},
  note = {\url{https://www.hayesparsons.co.uk/an-insight-into-the-history-of-rovs/}},
}

@misc{thedroneu_auvs,
  title = {Best Underwater Drones},
  author = {{The Drone U}},
  year = {2023},
  note = {\url{https://www.thedroneu.com/blog/best-underwater-drones/}},
}




@misc{chatterjee2018evolution,
  author       = {A. Chatterjee},
  title        = {Evolution of CNN Architectures: LeNet, AlexNet, ZFNet, GoogleNet, VGG and ResNet},
  howpublished = {Published online},
  year         = {2018}
}

@article{lecun1998gradient,
  author    = {Y. Lecun and L. Bottou and Y. Bengio and P. Haffner},
  title     = {Gradient-based learning applied to document recognition},
  journal   = {Proceedings of the IEEE},
  volume    = {86},
  number    = {11},
  pages     = {2278-2324},
  year      = {1998}
}

@article{krizhevsky2017imagenet,
  author    = {A. Krizhevsky and I. Sutskever and G. Hinton},
  title     = {ImageNet Classification with Deep Convolutional},
  journal   = {Communications of the ACM},
  volume    = {60},
  number    = {6},
  pages     = {84-90},
  year      = {2017}
}

@inproceedings{zeiler2014visualizing,
  author    = {M. D. Zeiler and R. P. T. Fergus and B. Schiele and D. Fleet and T. Tuytelaars},
  title     = {Visualizing and Understanding Convolutional Networks},
  booktitle = {Computer Vision - ECCV 2014},
  publisher = {Springer International Publishing},
  address   = {Cham},
  year      = {2014},
  pages     = {818-833}
}

@inproceedings{szegedy2015going,
  author    = {C. Szegedy and W. Liu and Y. Jia and P. Sermanet and S. Reed and D. Anguelov and D. Erhan and V. Vanhoucke and A. Rabinovich},
  title     = {Going Deeper with Convolutions},
  booktitle = {2015 IEEE Conference on Computer Vision and Pattern Recognition (CVPR)},
  address   = {New York},
  year      = {2015}
}

@article{simonyan2015very,
  author    = {K. Simonyan and A. Zisserman},
  title     = {Very Deep Convolutional Networks for Large-Scale Image Recognition},
  journal   = {Cornell University Library},
  address   = {Ithaca},
  year      = {2015}
}

@Article{jmse12091606,
AUTHOR = {Chen, Zhe and Xie, Guohao and Deng, Xiaofang and Peng, Jie and Qiu, Hongbing},
TITLE = {DA-YOLOv7: A Deep Learning-Driven High-Performance Underwater Sonar Image Target Recognition Model},
JOURNAL = {Journal of Marine Science and Engineering},
VOLUME = {12},
YEAR = {2024},
NUMBER = {9},
ARTICLE-NUMBER = {1606},
URL = {https://www.mdpi.com/2077-1312/12/9/1606},
ISSN = {2077-1312},
DOI = {10.3390/jmse12091606}
}

